@misc{lemaker,
    author = "lemaker",
    howpublished = {\url{http://www.lemaker.org}},
    title = "LeMaker in China",
    year = 2010
}

@misc{cjk,
    author = "Leo Liu",
    howpublished = {\url{http://tex.stackexchange.com/questions/107898/type-chinese-in-tex-compiled-with-latex}},
    title = "Type Chinese in TeX compiled with LaTeX",
    year = 2010
}




